@book{
langtangen_2009,
title={A Primer on Scientific Programming with Python},
DOI={10.1007/978-3-642-02475-7},
journal={Texts in Computational Science and Engineering},
author={Langtangen, Hans Petter},
year={2009},
edition="4th"
}

@misc{
merriam_webster,
title={Hypothesis vs. Theory: The Difference Explained},
note = {Accessed 18 Jan, 2018},
howpublished = "\url{https://www.merriam-webster.com/words-at-play/difference-between-hypothesis-and-theory-usage}",
}
 
@book{
discovering_stats_r,
title={Discovering Statistics Using R},
author={Andy Field, Jeremy Miles, Zoe Field},
publisher={SAGE Publications Ltd},
year={2013}
} 

@misc{
null_hype,
title={How to Set Up a Hypothesis Test: Null versus Alternative},
note = {Accessed 18 Jan, 2018},
howpublished = "\url{https://www.dummies.com/education/math/statistics/how-to-set-up-a-hypothesis-test-null-versus-alternative/}",
}

@misc{
cliffs_notes,
title={Central Limit Theorem},
note = {Accessed 18 Jan, 2018},
howpublished = "\url{https://www.cliffsnotes.com/study-guides/statistics/sampling/central-limit-theorem}",
}
